
@article{ackermanGlobalEstimatesInorganic2019,
  title = {Global {{Estimates}} of {{Inorganic Nitrogen Deposition Across Four Decades}}},
  author = {Ackerman, Daniel and Millet, Dylan B. and Chen, Xin},
  date = {2019},
  journaltitle = {Global Biogeochemical Cycles},
  volume = {33},
  number = {1},
  pages = {100--107},
  issn = {1944-9224},
  doi = {10.1029/2018GB005990},
  url = {https://agupubs.onlinelibrary.wiley.com/doi/abs/10.1029/2018GB005990},
  urldate = {2021-03-02},
  langid = {english},
  annotation = {\_eprint: https://agupubs.onlinelibrary.wiley.com/doi/pdf/10.1029/2018GB005990},
  file = {/home/sami/Zotero/storage/N9P5ZL37/Ackerman et al. - 2019 - Global Estimates of Inorganic Nitrogen Deposition .pdf;/home/sami/Zotero/storage/8FLSD4XM/2018GB005990.html}
}

@article{ahlstromDominantRoleSemiarid2015a,
  title = {The Dominant Role of Semi-Arid Ecosystems in the Trend and Variability of the Land {{CO2}} Sink},
  author = {Ahlstrom, A. and Raupach, M. R. and Schurgers, G. and Smith, B. and Arneth, A. and Jung, M. and Reichstein, M. and Canadell, J. G. and Friedlingstein, P. and Jain, A. K. and Kato, E. and Poulter, B. and Sitch, S. and Stocker, B. D. and Viovy, N. and Wang, Y. P. and Wiltshire, A. and Zaehle, S. and Zeng, N.},
  date = {2015-05-22},
  journaltitle = {Science},
  shortjournal = {Science},
  volume = {348},
  number = {6237},
  pages = {895--899},
  issn = {0036-8075, 1095-9203},
  doi = {10.1126/science.aaa1668},
  url = {https://www.sciencemag.org/lookup/doi/10.1126/science.aaa1668},
  urldate = {2020-10-24},
  langid = {english},
  file = {/home/sami/Zotero/storage/ZFELQ8NH/Ahlstrom et al. - 2015 - The dominant role of semi-arid ecosystems in the t.pdf}
}

@article{ainsworthResponsePhotosynthesisStomatal2007,
  title = {The Response of Photosynthesis and Stomatal Conductance to Rising [{{CO}} {\textsubscript{2}} ]: Mechanisms and Environmental Interactions: {{Photosynthesis}} and Stomatal Conductance Responses to Rising [{{CO}} {\textsubscript{2}} ]},
  shorttitle = {The Response of Photosynthesis and Stomatal Conductance to Rising [{{CO}} {\textsubscript{2}} ]},
  author = {Ainsworth, Elizabeth A. and Rogers, Alistair},
  date = {2007-03},
  journaltitle = {Plant, Cell \& Environment},
  volume = {30},
  number = {3},
  pages = {258--270},
  issn = {01407791},
  doi = {10.1111/j.1365-3040.2007.01641.x},
  url = {http://doi.wiley.com/10.1111/j.1365-3040.2007.01641.x},
  urldate = {2020-10-24},
  langid = {english},
  file = {/home/sami/Zotero/storage/78DCCB7U/Ainsworth and Rogers - 2007 - The response of photosynthesis and stomatal conduc.pdf}
}

@article{andelaGlobalChangesDryland2013,
  title = {Global Changes in Dryland Vegetation Dynamics (1988\&ndash;2008) Assessed by Satellite Remote Sensing: Comparing a New Passive Microwave Vegetation Density Record with Reflective Greenness Data},
  shorttitle = {Global Changes in Dryland Vegetation Dynamics (1988\&ndash;2008) Assessed by Satellite Remote Sensing},
  author = {Andela, N. and Liu, Y. Y. and van Dijk, A. I. J. M. and de Jeu, R. a. M. and McVicar, T. R.},
  options = {useprefix=true},
  date = {2013-10-24},
  journaltitle = {Biogeosciences},
  volume = {10},
  number = {10},
  pages = {6657--6676},
  publisher = {{Copernicus GmbH}},
  issn = {1726-4170},
  doi = {10.5194/bg-10-6657-2013},
  url = {https://bg.copernicus.org/articles/10/6657/2013/},
  urldate = {2021-02-16},
  langid = {english},
  file = {/home/sami/Zotero/storage/Z8RJEHUT/Andela et al. - 2013 - Global changes in dryland vegetation dynamics (198.pdf;/home/sami/Zotero/storage/I46JMGRP/2013.html}
}

@online{atlasoflivingaustraliaDeadTreeDetective,
  title = {The {{Dead Tree Detective}} | {{Project}} | {{BioCollect}}},
  author = {Atlas of Living Australia},
  url = {https://biocollect.ala.org.au/acsa/project/index/77285a13-e231-49e8-b212-660c66c74bac},
  urldate = {2020-10-25},
  file = {/home/sami/Zotero/storage/VXKF7IWF/77285a13-e231-49e8-b212-660c66c74bac.html}
}

@article{bastosGlobalNPPDependence2013a,
  title = {The Global {{NPP}} Dependence on {{ENSO}}: {{La Ni\~na}} and the Extraordinary Year of 2011: {{GLOBAL NPP AND ENSO}}: {{THE}} 2011 {{LA NI\~NA}}},
  shorttitle = {The Global {{NPP}} Dependence on {{ENSO}}},
  author = {Bastos, A. and Running, Steven W. and Gouveia, C\'elia and Trigo, Ricardo M.},
  date = {2013-07},
  journaltitle = {Journal of Geophysical Research: Biogeosciences},
  shortjournal = {J. Geophys. Res. Biogeosci.},
  volume = {118},
  number = {3},
  pages = {1247--1255},
  issn = {21698953},
  doi = {10.1002/jgrg.20100},
  url = {http://doi.wiley.com/10.1002/jgrg.20100},
  urldate = {2020-10-24},
  langid = {english},
  file = {/home/sami/Zotero/storage/IWN65WAX/Bastos et al. - 2013 - The global NPP dependence on ENSO La Niña and the.pdf}
}

@article{bondProposedCO2controlledMechanism2000,
  title = {A Proposed {{CO2}}-Controlled Mechanism of Woody Plant Invasion in Grasslands and Savannas},
  author = {Bond, William J. and Midgley, Guy F.},
  date = {2000},
  journaltitle = {Global Change Biology},
  volume = {6},
  number = {8},
  pages = {865--869},
  issn = {1365-2486},
  doi = {10.1046/j.1365-2486.2000.00365.x},
  url = {https://onlinelibrary.wiley.com/doi/abs/10.1046/j.1365-2486.2000.00365.x},
  urldate = {2021-03-02},
  langid = {english},
  annotation = {\_eprint: https://onlinelibrary.wiley.com/doi/pdf/10.1046/j.1365-2486.2000.00365.x},
  file = {/home/sami/Zotero/storage/U6NCKKF5/Bond and Midgley - 2000 - A proposed CO2-controlled mechanism of woody plant.pdf;/home/sami/Zotero/storage/M7IGUFM3/j.1365-2486.2000.00365.html}
}

@book{bronaughZypZhangYuePilon2019,
  title = {Zyp: {{Zhang}} + {{Yue}}-{{Pilon Trends Package}}},
  author = {Bronaugh, David and Consortium, Arelia Werner for the Pacific Climate Impacts},
  date = {2019},
  url = {https://CRAN.R-project.org/package=zyp}
}

@book{budykoClimateLife1974,
  title = {Climate and Life},
  author = {Budyko, M. I},
  date = {1974},
  publisher = {{Academic Press}},
  location = {{New York}},
  url = {http://0-www.sciencedirect.com.fama.us.es/science/publication?issn=00746142&volume=18},
  urldate = {2020-08-31},
  isbn = {978-0-08-095453-0},
  langid = {english},
  annotation = {OCLC: 928989096}
}

@article{buitenwerfIncreasedTreeDensities2012,
  title = {Increased Tree Densities in {{South African}} Savannas: {$>$}50 Years of Data Suggests {{CO2}} as a Driver},
  shorttitle = {Increased Tree Densities in {{South African}} Savannas},
  author = {Buitenwerf, R. and Bond, W. J. and Stevens, N. and Trollope, W. S. W.},
  date = {2012},
  journaltitle = {Global Change Biology},
  volume = {18},
  number = {2},
  pages = {675--684},
  issn = {1365-2486},
  doi = {10.1111/j.1365-2486.2011.02561.x},
  url = {https://onlinelibrary.wiley.com/doi/abs/10.1111/j.1365-2486.2011.02561.x},
  urldate = {2021-03-02},
  langid = {english},
  annotation = {\_eprint: https://onlinelibrary.wiley.com/doi/pdf/10.1111/j.1365-2486.2011.02561.x},
  file = {/home/sami/Zotero/storage/ZZ439QHD/Buitenwerf et al. - 2012 - Increased tree densities in South African savannas.pdf;/home/sami/Zotero/storage/EPVSTNDQ/j.1365-2486.2011.02561.html}
}

@online{bureauofmeteorologyAnnualAustralianClimate,
  title = {Annual {{Australian Climate Statement}} 2019},
  author = {Bureau of Meteorology},
  publisher = {{scheme=AGLSTERMS.AglsAgent; corporateName=Australian Government - Bureau of Meteorology}},
  url = {http://www.bom.gov.au/climate/current/annual/aus/#tabs=Overview},
  urldate = {2020-10-24},
  langid = {english},
  file = {/home/sami/Zotero/storage/TA84JNQ8/aus.html}
}

@dataset{c.dimiceliMOD44BMODISTerra2017,
  title = {{{MOD44B MODIS}}/{{Terra Vegetation Continuous Fields Yearly L3 Global}} 250m {{SIN Grid V006}}},
  author = {C. DiMiceli, M. Carroll},
  date = {2017},
  publisher = {{NASA EOSDIS Land Processes DAAC}},
  doi = {10.5067/MODIS/MOD44B.006},
  url = {https://lpdaac.usgs.gov/products/mod44bv006/},
  urldate = {2020-10-26}
}

@article{carlsonRelationNDVIFractional1997a,
  title = {On the Relation between {{NDVI}}, Fractional Vegetation Cover, and Leaf Area Index},
  author = {Carlson, Toby N. and Ripley, David A.},
  date = {1997-12},
  journaltitle = {Remote Sensing of Environment},
  shortjournal = {Remote Sensing of Environment},
  volume = {62},
  number = {3},
  pages = {241--252},
  issn = {00344257},
  doi = {10.1016/S0034-4257(97)00104-1},
  url = {https://linkinghub.elsevier.com/retrieve/pii/S0034425797001041},
  urldate = {2020-10-24},
  langid = {english},
  file = {/home/sami/Zotero/storage/SCK9VHQG/Carlson and Ripley - 1997 - On the relation between NDVI, fractional vegetatio.pdf}
}

@article{cortesWhereAreGlobal2021,
  title = {Where {{Are Global Vegetation Greening}} and {{Browning Trends Significant}}?},
  author = {Cort\'es, Jos\'e and Mahecha, Miguel D. and Reichstein, Markus and Myneni, Ranga B. and Chen, Chi and Brenning, Alexander},
  date = {2021},
  journaltitle = {Geophysical Research Letters},
  volume = {48},
  number = {6},
  pages = {e2020GL091496},
  issn = {1944-8007},
  doi = {10.1029/2020GL091496},
  url = {https://agupubs.onlinelibrary.wiley.com/doi/abs/10.1029/2020GL091496},
  urldate = {2021-03-31},
  langid = {english},
  annotation = {\_eprint: https://agupubs.onlinelibrary.wiley.com/doi/pdf/10.1029/2020GL091496},
  file = {/home/sami/Zotero/storage/FWFSXWCT/Cortés et al. - 2021 - Where Are Global Vegetation Greening and Browning .pdf;/home/sami/Zotero/storage/QLEHYC5X/2020GL091496.html}
}

@article{crousNitrogenPhosphorusRetranslocation2019a,
  title = {Nitrogen and {{Phosphorus Retranslocation}} of {{Leaves}} and {{Stemwood}} in a {{Mature Eucalyptus Forest Exposed}} to 5 {{Years}} of {{Elevated CO2}}},
  author = {Crous, Kristine Y. and Wujeska-Klause, Agnieszka and Jiang, Mingkai and Medlyn, Belinda E. and Ellsworth, David S.},
  date = {2019-05-31},
  journaltitle = {Frontiers in Plant Science},
  shortjournal = {Front. Plant Sci.},
  volume = {10},
  pages = {664},
  issn = {1664-462X},
  doi = {10.3389/fpls.2019.00664},
  url = {https://www.frontiersin.org/article/10.3389/fpls.2019.00664/full},
  urldate = {2020-10-24},
  langid = {english},
  file = {/home/sami/Zotero/storage/92SKEZBX/Crous et al. - 2019 - Nitrogen and Phosphorus Retranslocation of Leaves .pdf}
}

@article{crousPhosphorusLimitingMature2015a,
  title = {Is Phosphorus Limiting in a Mature {{Eucalyptus}} Woodland? {{Phosphorus}} Fertilisation Stimulates Stem Growth},
  shorttitle = {Is Phosphorus Limiting in a Mature {{Eucalyptus}} Woodland?},
  author = {Crous, K. Y. and \'Osvaldsson, A. and Ellsworth, D. S.},
  date = {2015-06},
  journaltitle = {Plant and Soil},
  shortjournal = {Plant Soil},
  volume = {391},
  number = {1-2},
  pages = {293--305},
  issn = {0032-079X, 1573-5036},
  doi = {10.1007/s11104-015-2426-4},
  url = {http://link.springer.com/10.1007/s11104-015-2426-4},
  urldate = {2020-10-24},
  langid = {english},
  file = {/home/sami/Zotero/storage/C2BDEJ9T/Crous et al. - 2015 - Is phosphorus limiting in a mature Eucalyptus wood.pdf}
}

@article{csiroStateClimate20182018,
  title = {State of {{The Climate}} 2018},
  author = {CSIRO and Australian Government Bureau of Meteorology},
  date = {2018},
  pages = {24},
  langid = {english},
  file = {/home/sami/Zotero/storage/H9IQHMDS/2018 - State of The Climate 2018.pdf}
}

@misc{csiroStateClimate20202020,
  title = {State of the {{Climate}} 2020},
  author = {CSIRO and Bureau of Meteorology},
  date = {2020},
  url = {http://www.bom.gov.au/state-of-the-climate/}
}

@article{davisSimpleProcessledAlgorithms2017,
  title = {Simple Process-Led Algorithms for Simulating Habitats ({{SPLASH}} v.1.0): Robust Indices of Radiation, Evapotranspiration and Plant-Available Moisture},
  shorttitle = {Simple Process-Led Algorithms for Simulating Habitats ({{SPLASH}} v.1.0)},
  author = {Davis, Tyler W. and Prentice, I. Colin and Stocker, Benjamin D. and Thomas, Rebecca T. and Whitley, Rhys J. and Wang, Han and Evans, Bradley J. and Gallego-Sala, Angela V. and Sykes, Martin T. and Cramer, Wolfgang},
  date = {2017-02-14},
  journaltitle = {Geoscientific Model Development},
  volume = {10},
  number = {2},
  pages = {689--708},
  publisher = {{Copernicus GmbH}},
  issn = {1991-959X},
  doi = {10.5194/gmd-10-689-2017},
  url = {https://gmd.copernicus.org/articles/10/689/2017/},
  urldate = {2020-09-28},
  langid = {english},
  file = {/home/sami/Zotero/storage/2RMPFF4M/Davis et al. - 2017 - Simple process-led algorithms for simulating habit.pdf;/home/sami/Zotero/storage/P2UZELWV/2017.html}
}

@article{dekauweIdentifyingAreasRisk2020b,
  title = {Identifying Areas at Risk of Drought-induced Tree Mortality across {{South}}-{{Eastern Australia}}},
  author = {De Kauwe, Martin G. and Medlyn, Belinda E. and Ukkola, Anna M. and Mu, Mengyuan and Sabot, Manon E. B. and Pitman, Andrew J. and Meir, Patrick and Cernusak, Lucas A. and Rifai, Sami W. and Choat, Brendan and Tissue, David T. and Blackman, Chris J. and Li, Ximeng and Roderick, Michael and Briggs, Peter R.},
  date = {2020-10},
  journaltitle = {Global Change Biology},
  shortjournal = {Glob. Change Biol.},
  volume = {26},
  number = {10},
  pages = {5716--5733},
  issn = {1354-1013, 1365-2486},
  doi = {10.1111/gcb.15215},
  url = {https://onlinelibrary.wiley.com/doi/10.1111/gcb.15215},
  urldate = {2020-10-24},
  langid = {english},
  file = {/home/sami/Zotero/storage/KNW5PYHG/De Kauwe et al. - 2020 - Identifying areas at risk of drought‐induced tree .pdf}
}

@dataset{dimiceliMOD44BMODISTerra2017,
  title = {{{MOD44B MODIS}}/{{Terra Vegetation Continuous Fields Yearly L3 Global}} 250m {{SIN Grid V006}}},
  author = {DiMiceli, CM and Carroll, R and Sohlberg, DH and Kim, M and Townshend, JGR},
  date = {2017},
  publisher = {{NASA EOSDIS Land Processes DAAC}},
  doi = {10.5067/MODIS/MOD44B.006},
  url = {https://lpdaac.usgs.gov/products/mod44bv006/},
  urldate = {2020-10-26}
}

@article{donohueClimaterelatedTrendsAustralian2009c,
  title = {Climate-Related Trends in {{Australian}} Vegetation Cover as Inferred from Satellite Observations, 1981-2006},
  author = {Donohue, Randall J. and McVICAR, Tim R. and Roderick, Michael L.},
  date = {2009-04},
  journaltitle = {Global Change Biology},
  volume = {15},
  number = {4},
  pages = {1025--1039},
  issn = {13541013, 13652486},
  doi = {10.1111/j.1365-2486.2008.01746.x},
  url = {http://doi.wiley.com/10.1111/j.1365-2486.2008.01746.x},
  urldate = {2020-10-24},
  langid = {english},
  file = {/home/sami/Zotero/storage/XQRNANU4/Donohue et al. - 2009 - Climate-related trends in Australian vegetation co.pdf}
}

@article{donohueImpactCOFertilization2013b,
  title = {Impact of {{CO}} {\textsubscript{2}} Fertilization on Maximum Foliage Cover across the Globe's Warm, Arid Environments: {{CO}} {\textsubscript{2}} {{FERTILIZATION AND FOLIAGE COVER}}},
  shorttitle = {Impact of {{CO}} {\textsubscript{2}} Fertilization on Maximum Foliage Cover across the Globe's Warm, Arid Environments},
  author = {Donohue, Randall J. and Roderick, Michael L. and McVicar, Tim R. and Farquhar, Graham D.},
  date = {2013-06-28},
  journaltitle = {Geophysical Research Letters},
  shortjournal = {Geophys. Res. Lett.},
  volume = {40},
  number = {12},
  pages = {3031--3035},
  issn = {00948276},
  doi = {10.1002/grl.50563},
  url = {http://doi.wiley.com/10.1002/grl.50563},
  urldate = {2020-10-24},
  langid = {english},
  file = {/home/sami/Zotero/storage/B32MTU2Y/Donohue et al. - 2013 - Impact of CO 2 fertilization on maximum.pdf}
}

@book{dowleDataTableExtension2019,
  title = {Data.Table: {{Extension}} of `data.Frame`},
  author = {Dowle, Matt and Srinivasan, Arun},
  date = {2019}
}

@article{drakeShorttermCarbonCycling2016,
  title = {Short-Term Carbon Cycling Responses of a Mature Eucalypt Woodland to Gradual Stepwise Enrichment of Atmospheric {{CO}} {\textsubscript{2}} Concentration},
  author = {Drake, John E. and Macdonald, Catriona A. and Tjoelker, Mark G. and Crous, Kristine Y. and Gimeno, Teresa E. and Singh, Brajesh K. and Reich, Peter B. and Anderson, Ian C. and Ellsworth, David S.},
  date = {2016-01},
  journaltitle = {Global Change Biology},
  shortjournal = {Glob Change Biol},
  volume = {22},
  number = {1},
  pages = {380--390},
  issn = {13541013},
  doi = {10.1111/gcb.13109},
  url = {http://doi.wiley.com/10.1111/gcb.13109},
  urldate = {2020-10-24},
  langid = {english},
  file = {/home/sami/Zotero/storage/LG9XUUSH/Drake et al. - 2016 - Short-term carbon cycling responses of a mature eu.pdf}
}

@article{duursmaCanopyLeafArea2016,
  title = {Canopy Leaf Area of a Mature Evergreen {{{\emph{Eucalyptus}}}} Woodland Does Not Respond to Elevated Atmospheric [{{CO}} {\textsubscript{2}} ] but Tracks Water Availability},
  author = {Duursma, Remko A. and Gimeno, Teresa E. and Boer, Matthias M. and Crous, Kristine Y. and Tjoelker, Mark G. and Ellsworth, David S.},
  date = {2016-04},
  journaltitle = {Global Change Biology},
  shortjournal = {Glob Change Biol},
  volume = {22},
  number = {4},
  pages = {1666--1676},
  issn = {13541013},
  doi = {10.1111/gcb.13151},
  url = {http://doi.wiley.com/10.1111/gcb.13151},
  urldate = {2020-10-24},
  langid = {english},
  file = {/home/sami/Zotero/storage/B4L2PR4A/Duursma et al. - 2016 - Canopy leaf area of a mature evergreen Eucalypt.pdf}
}

@article{evansDeforestationAustraliaDrivers2016,
  title = {Deforestation in {{Australia}}: Drivers, Trends and Policy Responses},
  shorttitle = {Deforestation in {{Australia}}},
  author = {Evans, Megan C.},
  date = {2016},
  journaltitle = {Pacific Conservation Biology},
  shortjournal = {Pac. Conserv. Biol.},
  volume = {22},
  number = {2},
  pages = {130},
  issn = {1038-2097},
  doi = {10.1071/PC15052},
  url = {http://www.publish.csiro.au/?paper=PC15052},
  urldate = {2021-04-01},
  langid = {english}
}

@article{fensholtGreennessSemiaridAreas2012,
  title = {Greenness in Semi-Arid Areas across the Globe 1981\textendash 2007 \textemdash{} an {{Earth Observing Satellite}} Based Analysis of Trends and Drivers},
  author = {Fensholt, Rasmus and Langanke, Tobias and Rasmussen, Kjeld and Reenberg, Anette and Prince, Stephen D. and Tucker, Compton and Scholes, Robert J. and Le, Quang Bao and Bondeau, Alberte and Eastman, Ron and Epstein, Howard and Gaughan, Andrea E. and Hellden, Ulf and Mbow, Cheikh and Olsson, Lennart and Paruelo, Jose and Schweitzer, Christian and Seaquist, Jonathan and Wessels, Konrad},
  date = {2012-06-01},
  journaltitle = {Remote Sensing of Environment},
  shortjournal = {Remote Sensing of Environment},
  volume = {121},
  pages = {144--158},
  issn = {0034-4257},
  doi = {10.1016/j.rse.2012.01.017},
  url = {https://www.sciencedirect.com/science/article/pii/S0034425712000545},
  urldate = {2021-02-16},
  langid = {english},
  file = {/home/sami/Zotero/storage/9CC6RSNQ/Fensholt et al. - 2012 - Greenness in semi-arid areas across the globe 1981.pdf}
}

@article{frankenbergCOMMENTRECENTGLOBAL2021,
  title = {{{COMMENT ON}}``{{RECENT GLOBAL DECLINE OF CO2 FERTILIZATION EFFECTS ON VEGETATION PHOTOSYNTHESIS}}''},
  author = {Frankenberg, Christian and Yin, Yi and Byrne, Brendan and He, Liyin and Gentine, Pierre},
  date = {2021-01-28},
  publisher = {{EarthArXiv}},
  url = {https://eartharxiv.org/repository/view/2022/},
  urldate = {2021-02-16},
  langid = {english},
  file = {/home/sami/Zotero/storage/9TRQH7MG/Frankenberg et al. - 2021 - COMMENT ON“RECENT GLOBAL DECLINE OF CO2 FERTILIZAT.pdf;/home/sami/Zotero/storage/JQV5MBXF/2022.html}
}

@article{giglioCollectionMODISBurned2018b,
  title = {The {{Collection}} 6 {{MODIS}} Burned Area Mapping Algorithm and Product},
  author = {Giglio, Louis and Boschetti, Luigi and Roy, David P. and Humber, Michael L. and Justice, Christopher O.},
  date = {2018-11-01},
  journaltitle = {Remote Sensing of Environment},
  shortjournal = {Remote Sensing of Environment},
  volume = {217},
  pages = {72--85},
  issn = {0034-4257},
  doi = {10.1016/j.rse.2018.08.005},
  url = {http://www.sciencedirect.com/science/article/pii/S0034425718303705},
  urldate = {2020-10-25},
  langid = {english},
  file = {/home/sami/Zotero/storage/V938ZKSD/Giglio et al. - 2018 - The Collection 6 MODIS burned area mapping algorit.pdf;/home/sami/Zotero/storage/JXXDMABG/S0034425718303705.html}
}

@article{gorelickGoogleEarthEngine2017,
  title = {Google {{Earth Engine}}: {{Planetary}}-Scale Geospatial Analysis for Everyone},
  author = {Gorelick, Noel and Hancher, Matt and Dixon, Mike and Ilyushchenko, Simon and Thau, David and Moore, Rebecca},
  date = {2017},
  journaltitle = {Remote Sensing of Environment},
  publisher = {{Elsevier}},
  doi = {10.1016/j.rse.2017.06.031},
  url = {https://doi.org/10.1016/j.rse.2017.06.031}
}

@article{greveAridityIndexGlobal2019,
  title = {The Aridity {{Index}} under Global Warming},
  author = {Greve, P. and Roderick, M. L. and Ukkola, A. M. and Wada, Y.},
  date = {2019-11},
  journaltitle = {Environmental Research Letters},
  shortjournal = {Environ. Res. Lett.},
  volume = {14},
  number = {12},
  pages = {124006},
  publisher = {{IOP Publishing}},
  issn = {1748-9326},
  doi = {10.1088/1748-9326/ab5046},
  url = {https://doi.org/10.1088/1748-9326/ab5046},
  urldate = {2021-03-16},
  langid = {english},
  file = {/home/sami/Zotero/storage/LS2S5GL3/Greve et al. - 2019 - The aridity Index under global warming.pdf}
}

@article{grossiordPlantResponsesRising2020b,
  title = {Plant Responses to Rising Vapor Pressure Deficit},
  author = {Grossiord, Charlotte and Buckley, Thomas N. and Cernusak, Lucas A. and Novick, Kimberly A. and Poulter, Benjamin and Siegwolf, Rolf T. W. and Sperry, John S. and McDowell, Nate G.},
  date = {2020-06},
  journaltitle = {New Phytologist},
  shortjournal = {New Phytol},
  volume = {226},
  number = {6},
  pages = {1550--1566},
  issn = {0028-646X, 1469-8137},
  doi = {10.1111/nph.16485},
  url = {https://onlinelibrary.wiley.com/doi/10.1111/nph.16485},
  urldate = {2020-11-26},
  langid = {english},
  file = {/home/sami/Zotero/storage/2JJDBPHB/Grossiord et al. - 2020 - Plant responses to rising vapor pressure deficit.pdf}
}

@article{hansenHighResolutionGlobalMaps2013e,
  title = {High-{{Resolution Global Maps}} of 21st-{{Century Forest Cover Change}}},
  author = {Hansen, M. C. and Potapov, P. V. and Moore, R. and Hancher, M. and Turubanova, S. A. and Tyukavina, A. and Thau, D. and Stehman, S. V. and Goetz, S. J. and Loveland, T. R. and Kommareddy, A. and Egorov, A. and Chini, L. and Justice, C. O. and Townshend, J. R. G.},
  date = {2013-11-15},
  journaltitle = {Science},
  volume = {342},
  number = {6160},
  eprint = {24233722},
  eprinttype = {pmid},
  pages = {850--853},
  publisher = {{American Association for the Advancement of Science}},
  issn = {0036-8075, 1095-9203},
  doi = {10.1126/science.1244693},
  url = {https://science.sciencemag.org/content/342/6160/850},
  urldate = {2020-10-24},
  langid = {english},
  file = {/home/sami/Zotero/storage/E5B6QTBV/850.html}
}

@article{harrisBiologicalResponsesPress2018b,
  title = {Biological Responses to the Press and Pulse of Climate Trends and Extreme Events},
  author = {Harris, R. M. B. and Beaumont, L. J. and Vance, T. R. and Tozer, C. R. and Remenyi, T. A. and Perkins-Kirkpatrick, S. E. and Mitchell, P. J. and Nicotra, A. B. and McGregor, S. and Andrew, N. R. and Letnic, M. and Kearney, M. R. and Wernberg, T. and Hutley, L. B. and Chambers, L. E. and Fletcher, M.-S. and Keatley, M. R. and Woodward, C. A. and Williamson, G. and Duke, N. C. and Bowman, D. M. J. S.},
  date = {2018-07},
  journaltitle = {Nature Climate Change},
  shortjournal = {Nature Clim Change},
  volume = {8},
  number = {7},
  pages = {579--587},
  issn = {1758-678X, 1758-6798},
  doi = {10.1038/s41558-018-0187-9},
  url = {http://www.nature.com/articles/s41558-018-0187-9},
  urldate = {2020-10-24},
  langid = {english},
  file = {/home/sami/Zotero/storage/BI2DG6R7/Harris et al. - 2018 - Biological responses to the press and pulse of cli.pdf}
}

@article{hasegawaElevatedCarbonDioxide2016,
  title = {Elevated Carbon Dioxide Increases Soil Nitrogen and Phosphorus Availability in a Phosphorus-Limited {{{\emph{Eucalyptus}}}} Woodland},
  author = {Hasegawa, Shun and Macdonald, Catriona A. and Power, Sally A.},
  date = {2016-04},
  journaltitle = {Global Change Biology},
  shortjournal = {Glob Change Biol},
  volume = {22},
  number = {4},
  pages = {1628--1643},
  issn = {13541013},
  doi = {10.1111/gcb.13147},
  url = {http://doi.wiley.com/10.1111/gcb.13147},
  urldate = {2020-10-24},
  langid = {english},
  file = {/home/sami/Zotero/storage/6KPQ9Q97/Hasegawa et al. - 2016 - Elevated carbon dioxide increases soil nitrogen an.pdf}
}

@article{hattersleyDistributionC3C41983a,
  title = {The Distribution of {{C3}} and {{C4}} Grasses in {{Australia}} in Relation to Climate},
  author = {Hattersley, P. W.},
  date = {1983-03},
  journaltitle = {Oecologia},
  shortjournal = {Oecologia},
  volume = {57},
  number = {1-2},
  pages = {113--128},
  issn = {0029-8549, 1432-1939},
  doi = {10.1007/BF00379569},
  url = {http://link.springer.com/10.1007/BF00379569},
  urldate = {2020-08-15},
  langid = {english},
  file = {/home/sami/srifai@gmail.com/work/papers/Hattersley 1983 Oecologia.pdf}
}

@article{jiangFateCarbonMature2020b,
  title = {The Fate of Carbon in a Mature Forest under Carbon Dioxide Enrichment},
  author = {Jiang, Mingkai and Medlyn, Belinda E. and Drake, John E. and Duursma, Remko A. and Anderson, Ian C. and Barton, Craig V. M. and Boer, Matthias M. and Carrillo, Yolima and Casta\~neda-G\'omez, Laura and Collins, Luke and Crous, Kristine Y. and De Kauwe, Martin G. and dos Santos, Bruna M. and Emmerson, Kathryn M. and Facey, Sarah L. and Gherlenda, Andrew N. and Gimeno, Teresa E. and Hasegawa, Shun and Johnson, Scott N. and K\"annaste, Astrid and Macdonald, Catriona A. and Mahmud, Kashif and Moore, Ben D. and Nazaries, Lo\"ic and Neilson, Elizabeth H. J. and Nielsen, Uffe N. and Niinemets, \"Ulo and Noh, Nam Jin and Ochoa-Hueso, Ra\'ul and Pathare, Varsha S. and Pendall, Elise and Pihlblad, Johanna and Pi\~neiro, Juan and Powell, Jeff R. and Power, Sally A. and Reich, Peter B. and Renchon, Alexandre A. and Riegler, Markus and Rinnan, Riikka and Rymer, Paul D. and Salom\'on, Roberto L. and Singh, Brajesh K. and Smith, Benjamin and Tjoelker, Mark G. and Walker, Jennifer K. M. and Wujeska-Klause, Agnieszka and Yang, Jinyan and Zaehle, S\"onke and Ellsworth, David S.},
  options = {useprefix=true},
  date = {2020-04},
  journaltitle = {Nature},
  shortjournal = {Nature},
  volume = {580},
  number = {7802},
  pages = {227--231},
  issn = {0028-0836, 1476-4687},
  doi = {10.1038/s41586-020-2128-9},
  url = {http://www.nature.com/articles/s41586-020-2128-9},
  urldate = {2020-10-24},
  langid = {english},
  file = {/home/sami/Zotero/storage/QRWQ5STK/Jiang et al. - 2020 - The fate of carbon in a mature forest under carbon.pdf}
}

@article{jiangLowPhosphorusSupply2020,
  title = {Low Phosphorus Supply Constrains Plant Responses to Elevated {{CO}} {\textsubscript{2}} : {{A}} Meta-analysis},
  shorttitle = {Low Phosphorus Supply Constrains Plant Responses to Elevated {{CO}} {\textsubscript{2}}},
  author = {Jiang, Mingkai and Caldararu, Silvia and Zhang, Haiyang and Fleischer, Katrin and Crous, Kristine Y. and Yang, Jinyan and De Kauwe, Martin G. and Ellsworth, David S. and Reich, Peter B. and Tissue, David T. and Zaehle, S\"onke and Medlyn, Belinda E.},
  date = {2020-10},
  journaltitle = {Global Change Biology},
  shortjournal = {Glob. Change Biol.},
  volume = {26},
  number = {10},
  pages = {5856--5873},
  issn = {1354-1013, 1365-2486},
  doi = {10.1111/gcb.15277},
  url = {https://onlinelibrary.wiley.com/doi/10.1111/gcb.15277},
  urldate = {2021-03-24},
  langid = {english}
}

@article{jiEffectNOAASatellite2017a,
  title = {Effect of {{NOAA}} Satellite Orbital Drift on {{AVHRR}}-Derived Phenological Metrics},
  author = {Ji, Lei and Brown, Jesslyn F.},
  date = {2017-10-01},
  journaltitle = {International Journal of Applied Earth Observation and Geoinformation},
  shortjournal = {International Journal of Applied Earth Observation and Geoinformation},
  volume = {62},
  pages = {215--223},
  issn = {0303-2434},
  doi = {10.1016/j.jag.2017.06.013},
  url = {http://www.sciencedirect.com/science/article/pii/S0303243417301393},
  urldate = {2020-10-24},
  langid = {english},
  file = {/home/sami/Zotero/storage/6IQEE4TG/S0303243417301393.html}
}

@article{jonesHighqualitySpatialClimate2009,
  title = {High-Quality Spatial Climate Data-Sets for {{Australia}}},
  author = {Jones, DA and Wang, W and Fawcett, R},
  date = {2009},
  journaltitle = {Aust. Meteorol. Oceanogr. J.},
  volume = {58},
  pages = {233--248}
}

@article{kingRoleClimateVariability2020b,
  title = {The Role of Climate Variability in {{Australian}} Drought},
  author = {King, Andrew D. and Pitman, Andy J. and Henley, Benjamin J. and Ukkola, Anna M. and Brown, Josephine R.},
  date = {2020-03},
  journaltitle = {Nature Climate Change},
  shortjournal = {Nat. Clim. Chang.},
  volume = {10},
  number = {3},
  pages = {177--179},
  issn = {1758-678X, 1758-6798},
  doi = {10.1038/s41558-020-0718-z},
  url = {http://www.nature.com/articles/s41558-020-0718-z},
  urldate = {2020-10-24},
  langid = {english},
  file = {/home/sami/Zotero/storage/4FNV44P9/King et al. - 2020 - The role of climate variability in Australian drou.pdf}
}

@article{knappResolvingDustBowl2020,
  title = {Resolving the {{Dust Bowl}} Paradox of Grassland Responses to Extreme Drought},
  author = {Knapp, Alan K. and Chen, Anping and Griffin-Nolan, Robert J. and Baur, Lauren E. and Carroll, Charles J.W. and Gray, Jesse E. and Hoffman, Ava M. and Li, Xiran and Post, Alison K. and Slette, Ingrid J. and Collins, Scott L. and Luo, Yiqi and Smith, Melinda D.},
  date = {2020-09-08},
  journaltitle = {Proceedings of the National Academy of Sciences},
  shortjournal = {Proc Natl Acad Sci USA},
  volume = {117},
  number = {36},
  pages = {22249--22255},
  issn = {0027-8424, 1091-6490},
  doi = {10.1073/pnas.1922030117},
  url = {http://www.pnas.org/lookup/doi/10.1073/pnas.1922030117},
  urldate = {2020-10-24},
  langid = {english},
  file = {/home/sami/Zotero/storage/FMS594UP/Knapp et al. - 2020 - Resolving the Dust Bowl paradox of grassland respo.pdf}
}

@article{kooymanIncidenceLowPhosphorus2017,
  title = {The Incidence of Low Phosphorus Soils in {{Australia}}},
  author = {Kooyman, Robert M. and Laffan, Shawn W. and Westoby, Mark},
  date = {2017-03},
  journaltitle = {Plant and Soil},
  shortjournal = {Plant Soil},
  volume = {412},
  number = {1-2},
  pages = {143--150},
  issn = {0032-079X, 1573-5036},
  doi = {10.1007/s11104-016-3057-0},
  url = {http://link.springer.com/10.1007/s11104-016-3057-0},
  urldate = {2020-11-02},
  langid = {english}
}

@article{lianMultifacetedCharacteristicsDryland2021,
  title = {Multifaceted Characteristics of Dryland Aridity Changes in a Warming World},
  author = {Lian, Xu and Piao, Shilong and Chen, Anping and Huntingford, Chris and Fu, Bojie and Li, Laurent Z. X. and Huang, Jianping and Sheffield, Justin and Berg, Alexis M. and Keenan, Trevor F. and McVicar, Tim R. and Wada, Yoshihide and Wang, Xuhui and Wang, Tao and Yang, Yuting and Roderick, Michael L.},
  date = {2021-03-09},
  journaltitle = {Nature Reviews Earth \& Environment},
  pages = {1--19},
  publisher = {{Nature Publishing Group}},
  issn = {2662-138X},
  doi = {10.1038/s43017-021-00144-0},
  url = {https://www.nature.com/articles/s43017-021-00144-0},
  urldate = {2021-03-17},
  langid = {english},
  file = {/home/sami/Zotero/storage/SYGICH3M/Lian et al. - 2021 - Multifaceted characteristics of dryland aridity ch.pdf;/home/sami/Zotero/storage/27DYINAK/s43017-021-00144-0.html}
}

@article{liaoWoodyVegetationCover2020,
  title = {Woody Vegetation Cover, Height and Biomass at 25-m Resolution across {{Australia}} Derived from Multiple Site, Airborne and Satellite Observations},
  author = {Liao, Zhanmang and Van Dijk, Albert I. J. M. and He, Binbin and Larraondo, Pablo Rozas and Scarth, Peter F.},
  date = {2020-12-01},
  journaltitle = {International Journal of Applied Earth Observation and Geoinformation},
  shortjournal = {International Journal of Applied Earth Observation and Geoinformation},
  volume = {93},
  pages = {102209},
  issn = {0303-2434},
  doi = {10.1016/j.jag.2020.102209},
  url = {http://www.sciencedirect.com/science/article/pii/S0303243420304189},
  urldate = {2020-10-25},
  langid = {english},
  file = {/home/sami/Zotero/storage/AHVT9CBL/Liao et al. - 2020 - Woody vegetation cover, height and biomass at 25-m.pdf;/home/sami/Zotero/storage/962LVSQG/S0303243420304189.html}
}

@article{luOptimalStomatalDrought2020b,
  title = {Optimal Stomatal Drought Response Shaped by Competition for Water and Hydraulic Risk Can Explain Plant Trait Covariation},
  author = {Lu, Yaojie and Duursma, Remko A. and Farrior, Caroline E. and Medlyn, Belinda E. and Feng, Xue},
  date = {2020-02},
  journaltitle = {New Phytologist},
  shortjournal = {New Phytol},
  volume = {225},
  number = {3},
  pages = {1206--1217},
  issn = {0028-646X, 1469-8137},
  doi = {10.1111/nph.16207},
  url = {https://onlinelibrary.wiley.com/doi/10.1111/nph.16207},
  urldate = {2021-03-23},
  langid = {english},
  file = {/home/sami/Zotero/storage/ZCKZ835H/Lu et al. - 2020 - Optimal stomatal drought response shaped by compet.pdf}
}

@article{luOptimalStomatalDrought2020c,
  title = {Optimal Stomatal Drought Response Shaped by Competition for Water and Hydraulic Risk Can Explain Plant Trait Covariation},
  author = {Lu, Yaojie and Duursma, Remko A. and Farrior, Caroline E. and Medlyn, Belinda E. and Feng, Xue},
  date = {2020},
  journaltitle = {New Phytologist},
  volume = {225},
  number = {3},
  pages = {1206--1217},
  issn = {1469-8137},
  doi = {10.1111/nph.16207},
  url = {https://nph.onlinelibrary.wiley.com/doi/abs/10.1111/nph.16207},
  urldate = {2021-03-23},
  langid = {english},
  annotation = {\_eprint: https://nph.onlinelibrary.wiley.com/doi/pdf/10.1111/nph.16207},
  file = {/home/sami/Zotero/storage/3PWWVRBZ/Lu et al. - 2020 - Optimal stomatal drought response shaped by compet.pdf;/home/sami/Zotero/storage/ATP73BUR/nph.html}
}

@article{mcalpineIncreasingWorldConsumption2009,
  title = {Increasing World Consumption of Beef as a Driver of Regional and Global Change: {{A}} Call for Policy Action Based on Evidence from {{Queensland}} ({{Australia}}), {{Colombia}} and {{Brazil}}},
  shorttitle = {Increasing World Consumption of Beef as a Driver of Regional and Global Change},
  author = {McAlpine, C. A. and Etter, A. and Fearnside, P. M. and Seabrook, L. and Laurance, W. F.},
  date = {2009-02-01},
  journaltitle = {Global Environmental Change},
  shortjournal = {Global Environmental Change},
  volume = {19},
  number = {1},
  pages = {21--33},
  issn = {0959-3780},
  doi = {10.1016/j.gloenvcha.2008.10.008},
  url = {http://www.sciencedirect.com/science/article/pii/S0959378008000976},
  urldate = {2020-10-24},
  langid = {english},
  file = {/home/sami/Zotero/storage/YJIKTJQ2/S0959378008000976.html}
}

@article{mcmurtrieWhyPlantgrowthResponse2008,
  title = {Why Is Plant-Growth Response to Elevated {{CO2}} Amplified When Water Is Limiting, but Reduced When Nitrogen Is Limiting? {{A}} Growth-Optimisation Hypothesis},
  shorttitle = {Why Is Plant-Growth Response to Elevated {{CO2}} Amplified When Water Is Limiting, but Reduced When Nitrogen Is Limiting?},
  author = {McMurtrie, Ross E. and Norby, Richard J. and Medlyn, Belinda E. and Dewar, Roderick C. and Pepper, David A. and Reich, Peter B. and Barton, Craig V. M. and McMurtrie, Ross E. and Norby, Richard J. and Medlyn, Belinda E. and Dewar, Roderick C. and Pepper, David A. and Reich, Peter B. and Barton, Craig V. M.},
  date = {2008-08-21},
  journaltitle = {Functional Plant Biology},
  shortjournal = {Functional Plant Biol.},
  volume = {35},
  number = {6},
  pages = {521--534},
  publisher = {{CSIRO PUBLISHING}},
  issn = {1445-4416, 1445-4416},
  doi = {10.1071/FP08128},
  url = {https://www.publish.csiro.au/fp/FP08128},
  urldate = {2021-03-31},
  langid = {english},
  file = {/home/sami/Zotero/storage/KJ2RUNRY/McMurtrie et al. - 2008 - Why is plant-growth response to elevated CO2 ampli.pdf;/home/sami/Zotero/storage/TU2N2JAA/FP08128.html}
}

@article{medlynReconcilingOptimalEmpirical2011d,
  title = {Reconciling the Optimal and Empirical Approaches to Modelling Stomatal Conductance: {{RECONCILING OPTIMAL AND EMPIRICAL STOMATAL MODELS}}},
  shorttitle = {Reconciling the Optimal and Empirical Approaches to Modelling Stomatal Conductance},
  author = {Medlyn, Belinda E. and Duursma, Remko A. and Eamus, Derek and Ellsworth, David S. and Prentice, I. Colin and Barton, Craig V. M. and Crous, Kristine Y. and De Angelis, Paolo and Freeman, Michael and Wingate, Lisa},
  date = {2011-06},
  journaltitle = {Global Change Biology},
  volume = {17},
  number = {6},
  pages = {2134--2144},
  issn = {13541013},
  doi = {10.1111/j.1365-2486.2010.02375.x},
  url = {http://doi.wiley.com/10.1111/j.1365-2486.2010.02375.x},
  urldate = {2020-10-24},
  langid = {english},
  file = {/home/sami/Zotero/storage/HTUZT2QC/Medlyn et al. - 2011 - Reconciling the optimal and empirical approaches t.pdf}
}

@article{medlynUsingModelsGuide2016c,
  title = {Using Models to Guide Field Experiments: A Priori Predictions for the {{CO2}} Response of a Nutrient- and Water-Limited Native {{Eucalypt}} Woodland},
  shorttitle = {Using Models to Guide Field Experiments},
  author = {Medlyn, Belinda E. and Kauwe, Martin G. De and Zaehle, S\"onke and Walker, Anthony P. and Duursma, Remko A. and Luus, Kristina and Mishurov, Mikhail and Pak, Bernard and Smith, Benjamin and Wang, Ying-Ping and Yang, Xiaojuan and Crous, Kristine Y. and Drake, John E. and Gimeno, Teresa E. and Macdonald, Catriona A. and Norby, Richard J. and Power, Sally A. and Tjoelker, Mark G. and Ellsworth, David S.},
  date = {2016},
  journaltitle = {Global Change Biology},
  volume = {22},
  number = {8},
  pages = {2834--2851},
  issn = {1365-2486},
  doi = {10.1111/gcb.13268},
  url = {http://onlinelibrary.wiley.com/doi/abs/10.1111/gcb.13268},
  urldate = {2021-06-10},
  langid = {english},
  annotation = {\_eprint: https://onlinelibrary.wiley.com/doi/pdf/10.1111/gcb.13268},
  file = {/home/sami/Zotero/storage/8L2MH8F6/Medlyn et al. - 2016 - Using models to guide field experiments a priori .pdf;/home/sami/Zotero/storage/WXS8RDVX/gcb.html}
}

@article{mooreContributionTreesGrasses2016,
  title = {The Contribution of Trees and Grasses to Productivity of an {{Australian}} Tropical Savanna},
  author = {Moore, Caitlin E. and Beringer, Jason and Evans, Bradley and Hutley, Lindsay B. and McHugh, Ian and Tapper, Nigel J.},
  date = {2016-04-26},
  journaltitle = {Biogeosciences},
  shortjournal = {Biogeosciences},
  volume = {13},
  number = {8},
  pages = {2387--2403},
  issn = {1726-4189},
  doi = {10.5194/bg-13-2387-2016},
  url = {https://bg.copernicus.org/articles/13/2387/2016/},
  urldate = {2020-11-28},
  langid = {english},
  file = {/home/sami/Zotero/storage/IQQ5B669/Moore et al. - 2016 - The contribution of trees and grasses to productiv.pdf}
}

@article{mooreReviewsSynthesesAustralian2016,
  title = {Reviews and Syntheses: {{Australian}} Vegetation Phenology: New Insights from Satellite Remote Sensingand Digital Repeat Photography},
  shorttitle = {Reviews and Syntheses},
  author = {Moore, Caitlin E. and Brown, Tim and Keenan, Trevor F. and Duursma, Remko A. and van Dijk, Albert I. J. M. and Beringer, Jason and Culvenor, Darius and Evans, Bradley and Huete, Alfredo and Hutley, Lindsay B. and Maier, Stefan and Restrepo-Coupe, Natalia and Sonnentag, Oliver and Specht, Alison and Taylor, Jeffrey R. and van Gorsel, Eva and Liddell, Michael J.},
  options = {useprefix=true},
  date = {2016-09-13},
  journaltitle = {Biogeosciences},
  shortjournal = {Biogeosciences},
  volume = {13},
  number = {17},
  pages = {5085--5102},
  issn = {1726-4189},
  doi = {10.5194/bg-13-5085-2016},
  url = {https://bg.copernicus.org/articles/13/5085/2016/},
  urldate = {2020-11-27},
  langid = {english},
  file = {/home/sami/Zotero/storage/VIXNU4ET/Moore et al. - 2016 - Reviews and syntheses Australian vegetation pheno.pdf}
}

@article{morisonSensitivityStomataWater1985,
  title = {Sensitivity of Stomata and Water Use Efficiency to High {{CO2}}},
  author = {Morison, James I. L.},
  date = {1985},
  journaltitle = {Plant, Cell \& Environment},
  volume = {8},
  number = {6},
  pages = {467--474},
  issn = {1365-3040},
  doi = {10.1111/j.1365-3040.1985.tb01682.x},
  url = {https://onlinelibrary.wiley.com/doi/abs/10.1111/j.1365-3040.1985.tb01682.x},
  urldate = {2020-10-24},
  langid = {english},
  annotation = {\_eprint: https://onlinelibrary.wiley.com/doi/pdf/10.1111/j.1365-3040.1985.tb01682.x},
  file = {/home/sami/Zotero/storage/QM5Y2C6K/Morison - 1985 - Sensitivity of stomata and water use efficiency to.pdf;/home/sami/Zotero/storage/IQZXN3IA/j.1365-3040.1985.tb01682.html}
}

@article{murphySeasonalWaterAvailability2007,
  title = {Seasonal Water Availability Predicts the Relative Abundance of {{C}} {\textsubscript{3}} and {{C}} {\textsubscript{4}} Grasses in {{Australia}}},
  author = {Murphy, Brett P. and Bowman, David M. J. S.},
  date = {2007-03},
  journaltitle = {Global Ecology and Biogeography},
  shortjournal = {Global Ecol Biogeography},
  volume = {16},
  number = {2},
  pages = {160--169},
  issn = {1466-822X, 1466-8238},
  doi = {10.1111/j.1466-8238.2006.00285.x},
  url = {http://doi.wiley.com/10.1111/j.1466-8238.2006.00285.x},
  urldate = {2020-11-28},
  langid = {english}
}

@article{murphyWhatControlsDistribution2012,
  title = {What Controls the Distribution of Tropical Forest and Savanna?: {{Tropical}} Forest and Savanna Distribution},
  shorttitle = {What Controls the Distribution of Tropical Forest and Savanna?},
  author = {Murphy, Brett P. and Bowman, David M.J.S.},
  date = {2012-07},
  journaltitle = {Ecology Letters},
  volume = {15},
  number = {7},
  pages = {748--758},
  issn = {1461023X},
  doi = {10.1111/j.1461-0248.2012.01771.x},
  url = {http://doi.wiley.com/10.1111/j.1461-0248.2012.01771.x},
  urldate = {2020-10-24},
  langid = {english},
  file = {/home/sami/Zotero/storage/6FS3MHIP/Murphy and Bowman - 2012 - What controls the distribution of tropical forest .pdf}
}

@article{nolanCausesConsequencesEastern2020,
  title = {Causes and Consequences of Eastern {{Australia}}'s 2019\textendash 20 Season of Mega-Fires},
  author = {Nolan, Rachael H. and Boer, Matthias M. and Collins, Luke and de Dios, V\'ictor Resco and Clarke, Hamish and Jenkins, Meaghan and Kenny, Belinda and Bradstock, Ross A.},
  date = {2020},
  journaltitle = {Global Change Biology},
  volume = {26},
  number = {3},
  pages = {1039--1041},
  issn = {1365-2486},
  doi = {10.1111/gcb.14987},
  url = {https://onlinelibrary.wiley.com/doi/abs/10.1111/gcb.14987},
  urldate = {2020-11-05},
  langid = {english},
  annotation = {\_eprint: https://onlinelibrary.wiley.com/doi/pdf/10.1111/gcb.14987},
  file = {/home/sami/Zotero/storage/YZY3EAXI/Nolan et al. - 2020 - Causes and consequences of eastern Australia's 201.pdf;/home/sami/Zotero/storage/R4T88ER4/gcb.html}
}

@article{norbyEcologicalLessonsFreeAir2011,
  title = {Ecological {{Lessons}} from {{Free}}-{{Air CO2 Enrichment}} ({{FACE}}) {{Experiments}}},
  author = {Norby, Richard J. and Zak, Donald R.},
  date = {2011},
  journaltitle = {Annual Review of Ecology, Evolution, and Systematics},
  volume = {42},
  number = {1},
  pages = {181--203},
  doi = {10.1146/annurev-ecolsys-102209-144647},
  url = {https://doi.org/10.1146/annurev-ecolsys-102209-144647},
  urldate = {2021-03-23},
  annotation = {\_eprint: https://doi.org/10.1146/annurev-ecolsys-102209-144647},
  file = {/home/sami/Zotero/storage/BQQWDRK4/Norby and Zak - 2011 - Ecological Lessons from Free-Air CO2 Enrichment (F.pdf}
}

@book{pebesmaStarsSpatiotemporalArrays2020,
  title = {Stars: {{Spatiotemporal Arrays}}, {{Raster}} and {{Vector Data Cubes}}},
  author = {Pebesma, Edzer},
  date = {2020}
}

@article{perkinsIncreasingFrequencyIntensity2012a,
  title = {Increasing Frequency, Intensity and Duration of Observed Global Heatwaves and Warm Spells},
  author = {Perkins, S. E. and Alexander, L. V. and Nairn, J. R.},
  date = {2012},
  journaltitle = {Geophysical Research Letters},
  volume = {39},
  number = {20},
  issn = {1944-8007},
  doi = {10.1029/2012GL053361},
  url = {https://agupubs.onlinelibrary.wiley.com/doi/abs/10.1029/2012GL053361},
  urldate = {2020-10-24},
  langid = {english},
  annotation = {\_eprint: https://agupubs.onlinelibrary.wiley.com/doi/pdf/10.1029/2012GL053361},
  file = {/home/sami/Zotero/storage/MVLLA8IQ/Perkins et al. - 2012 - Increasing frequency, intensity and duration of ob.pdf;/home/sami/Zotero/storage/R88MBUUM/2012GL053361.html}
}

@article{petersLivingEdgeContinentalscale2021,
  title = {Living on the Edge: {{A}} Continental-Scale Assessment of Forest Vulnerability to Drought},
  shorttitle = {Living on the Edge},
  author = {Peters, Jennifer M. R. and L\'opez, Rosana and Nolf, Markus and Hutley, Lindsay B. and Wardlaw, Tim and Cernusak, Lucas A. and Choat, Brendan},
  date = {2021},
  journaltitle = {Global Change Biology},
  volume = {27},
  number = {15},
  pages = {3620--3641},
  issn = {1365-2486},
  doi = {10.1111/gcb.15641},
  url = {https://onlinelibrary.wiley.com/doi/abs/10.1111/gcb.15641},
  urldate = {2021-08-09},
  langid = {english},
  annotation = {\_eprint: https://onlinelibrary.wiley.com/doi/pdf/10.1111/gcb.15641},
  file = {/home/sami/Zotero/storage/F3WK5WTE/Peters et al. - 2021 - Living on the edge A continental-scale assessment.pdf;/home/sami/Zotero/storage/U2BDMGGH/gcb.html}
}

@article{piaoCharacteristicsDriversFeedbacks2020,
  title = {Characteristics, Drivers and Feedbacks of Global Greening},
  author = {Piao, Shilong and Wang, Xuhui and Park, Taejin and Chen, Chi and Lian, Xu and He, Yue and Bjerke, Jarle W. and Chen, Anping and Ciais, Philippe and T\o mmervik, Hans and Nemani, Ramakrishna R. and Myneni, Ranga B.},
  date = {2020-01},
  journaltitle = {Nature Reviews Earth \& Environment},
  volume = {1},
  number = {1},
  pages = {14--27},
  publisher = {{Nature Publishing Group}},
  issn = {2662-138X},
  doi = {10.1038/s43017-019-0001-x},
  url = {https://www.nature.com/articles/s43017-019-0001-x},
  urldate = {2021-02-16},
  issue = {1},
  langid = {english},
  file = {/home/sami/Zotero/storage/J2PG78LS/Piao et al. - 2020 - Characteristics, drivers and feedbacks of global g.pdf;/home/sami/Zotero/storage/5ZEXIPID/s43017-019-0001-x.html}
}

@article{poulterContributionSemiaridEcosystems2014,
  title = {Contribution of Semi-Arid Ecosystems to Interannual Variability of the Global Carbon Cycle},
  author = {Poulter, Benjamin and Frank, David and Ciais, Philippe and Myneni, Ranga B. and Andela, Niels and Bi, Jian and Broquet, Gregoire and Canadell, Josep G. and Chevallier, Frederic and Liu, Yi Y. and Running, Steven W. and Sitch, Stephen and van der Werf, Guido R.},
  options = {useprefix=true},
  date = {2014-05},
  journaltitle = {Nature},
  shortjournal = {Nature},
  volume = {509},
  number = {7502},
  pages = {600--603},
  issn = {0028-0836, 1476-4687},
  doi = {10.1038/nature13376},
  url = {http://www.nature.com/articles/nature13376},
  urldate = {2020-10-24},
  langid = {english},
  file = {/home/sami/Zotero/storage/3JWZBMMV/Poulter et al. - 2014 - Contribution of semi-arid ecosystems to interannua.pdf}
}

@article{querejetaVerticalDecouplingSoil2021,
  title = {Vertical Decoupling of Soil Nutrients and Water under Climate Warming Reduces Plant Cumulative Nutrient Uptake, Water-use Efficiency and Productivity},
  author = {Querejeta, Jos\'e Ignacio and Ren, Wei and Prieto, Iv\'an},
  date = {2021-03-11},
  journaltitle = {New Phytologist},
  shortjournal = {New Phytol},
  pages = {nph.17258},
  issn = {0028-646X, 1469-8137},
  doi = {10.1111/nph.17258},
  url = {https://onlinelibrary.wiley.com/doi/10.1111/nph.17258},
  urldate = {2021-03-24},
  langid = {english}
}

@article{raupachEquilibriumEvaporationConvective2000,
  title = {Equilibrium Evaporation and the Convective Boundary Layer},
  author = {Raupach, MR},
  date = {2000},
  journaltitle = {Boundary-layer meteorology},
  volume = {96},
  number = {1-2},
  pages = {107--142},
  publisher = {{Springer}}
}

@article{schaafMCD43A4MODISTerra2015,
  title = {{{MCD43A4 MODIS}}/{{Terra}}+{{Aqua BRDF}}/{{Albedo Nadir BRDF Adjusted RefDaily L3 Global}} - 500m {{V006}}},
  author = {Schaaf, C and Wang, Z},
  date = {2015},
  publisher = {{NASA EOSDIS Land Processes DAAC}},
  doi = {10.5067/MODIS/MCD43A4.006},
  url = {https://lpdaac.usgs.gov/products/mcd43a4v006/},
  urldate = {2020-10-24}
}

@article{seabrookCattleCropsClearing2006,
  title = {Cattle, Crops and Clearing: {{Regional}} Drivers of Landscape Change in the {{Brigalow Belt}}, {{Queensland}}, {{Australia}}, 1840\textendash 2004},
  shorttitle = {Cattle, Crops and Clearing},
  author = {Seabrook, Leonie and McAlpine, Clive and Fensham, Rod},
  date = {2006-11},
  journaltitle = {Landscape and Urban Planning},
  shortjournal = {Landscape and Urban Planning},
  volume = {78},
  number = {4},
  pages = {373--385},
  issn = {01692046},
  doi = {10.1016/j.landurbplan.2005.11.007},
  url = {https://linkinghub.elsevier.com/retrieve/pii/S0169204606000065},
  urldate = {2020-10-24},
  langid = {english},
  file = {/home/sami/Zotero/storage/9787IY29/Seabrook et al. - 2006 - Cattle, crops and clearing Regional drivers of la.pdf}
}

@article{sherwoodDrierFuture2014,
  title = {A {{Drier Future}}?},
  author = {Sherwood, S. and Fu, Q.},
  date = {2014-02-14},
  journaltitle = {Science},
  shortjournal = {Science},
  volume = {343},
  number = {6172},
  pages = {737--739},
  issn = {0036-8075, 1095-9203},
  doi = {10.1126/science.1247620},
  url = {https://www.sciencemag.org/lookup/doi/10.1126/science.1247620},
  urldate = {2020-08-15},
  langid = {english},
  file = {/home/sami/srifai@gmail.com/work/papers/Sherwood and Fu 2014 Science.pdf}
}

@article{smithLargeDivergenceSatellite2016,
  title = {Large Divergence of Satellite and {{Earth}} System Model Estimates of Global Terrestrial {{CO2}} Fertilization},
  author = {Smith, W.K. and Reed, Sasha C. and Cleveland, Cory C. and Ballantyne, Ashley P. and Anderegg, William R. L. and Wieder, William R. and Liu, Yi Y. and Running, Steven W.},
  date = {2016-03},
  journaltitle = {Nature Climate Change},
  shortjournal = {Nature Clim Change},
  volume = {6},
  number = {3},
  pages = {306--310},
  issn = {1758-678X, 1758-6798},
  doi = {10.1038/nclimate2879},
  url = {http://www.nature.com/articles/nclimate2879},
  urldate = {2020-08-15},
  langid = {english},
  file = {/home/sami/srifai@gmail.com/work/papers/Smith et al 2016 Nature Climate Change.pdf}
}

@article{smithLongtermResponseMojave2014,
  title = {Long-Term Response of a {{Mojave Desert}} Winter Annual Plant Community to a Whole-Ecosystem Atmospheric {{CO}} {\textsubscript{2}} Manipulation ({{FACE}})},
  author = {Smith, Stanley D. and Charlet, Therese N. and Zitzer, Stephen F. and Abella, Scott R. and Vanier, Cheryl H. and Huxman, Travis E.},
  date = {2014-03},
  journaltitle = {Global Change Biology},
  shortjournal = {Glob Change Biol},
  volume = {20},
  number = {3},
  pages = {879--892},
  issn = {13541013},
  doi = {10.1111/gcb.12411},
  url = {http://doi.wiley.com/10.1111/gcb.12411},
  urldate = {2021-03-23},
  langid = {english}
}

@article{spechtWaterUsePerennial1972,
  title = {Water {{Use}} by {{Perennial Evergreen Plant Communities}} in {{Australia}} and {{Papua New Guinea}}},
  author = {Specht, Rl},
  date = {1972},
  journaltitle = {Australian Journal of Botany},
  shortjournal = {Aust. J. Bot.},
  volume = {20},
  number = {3},
  pages = {273},
  issn = {0067-1924},
  doi = {10.1071/BT9720273},
  url = {http://www.publish.csiro.au/?paper=BT9720273},
  urldate = {2020-10-24},
  langid = {english},
  file = {/home/sami/Zotero/storage/XNSD2SZC/Specht - 1972 - Water Use by Perennial Evergreen Plant Communities.pdf}
}

@article{teckentrupAssessingRepresentationAustralian2021,
  title = {Assessing the Representation of the {{Australian}} Carbon Cycle in Global Vegetation Models},
  author = {Teckentrup, Lina and De Kauwe, Martin G. and Pitman, Andrew J. and Goll, Daniel and Haverd, Vanessa and Jain, Atul K. and Joetzjer, Emilie and Kato, Etsushi and Lienert, Sebastian and Lombardozzi, Danica and McGuire, Patrick C. and Melton, Joe R. and Nabel, Julia E. M. S. and Pongratz, Julia and Sitch, Stephen and Walker, Anthony P. and Zaehle, S\"onke},
  date = {2021-03-15},
  journaltitle = {Biogeosciences Discussions},
  pages = {1--47},
  publisher = {{Copernicus GmbH}},
  issn = {1726-4170},
  doi = {10.5194/bg-2021-66},
  url = {https://bg.copernicus.org/preprints/bg-2021-66/},
  urldate = {2021-08-07},
  langid = {english},
  file = {/home/sami/Zotero/storage/C3WCVJVE/Teckentrup et al. - 2021 - Assessing the representation of the Australian car.pdf;/home/sami/Zotero/storage/43S6Q9DN/bg-2021-66.html}
}

@article{teckentrupExaminingSensitivityTerrestrial2020,
  title = {Examining the Sensitivity of the Terrestrial Carbon Cycle to the Expression of {{El Ni\~no}}},
  author = {Teckentrup, Lina and De Kauwe, Martin G. and Pitman, Andrew J. and Smith, Benjamin},
  date = {2020-08-20},
  journaltitle = {Biogeosciences Discussions},
  pages = {1--30},
  publisher = {{Copernicus GmbH}},
  issn = {1726-4170},
  doi = {10.5194/bg-2020-299},
  url = {https://bg.copernicus.org/preprints/bg-2020-299/},
  urldate = {2021-03-16},
  langid = {english},
  file = {/home/sami/Zotero/storage/BHTGWC2T/Teckentrup et al. - 2020 - Examining the sensitivity of the terrestrial carbo.pdf;/home/sami/Zotero/storage/X2S4NLNY/bg-2020-299.html}
}

@article{trancosoCOVegetationFeedbacks2017b,
  title = {{{CO}} {\textsubscript{2}} -vegetation Feedbacks and Other Climate Changes Implicated in Reducing Base Flow},
  author = {Trancoso, Ralph and Larsen, Joshua R. and McVicar, Tim R. and Phinn, Stuart R. and McAlpine, Clive A.},
  date = {2017-03-16},
  journaltitle = {Geophysical Research Letters},
  shortjournal = {Geophys. Res. Lett.},
  volume = {44},
  number = {5},
  pages = {2310--2318},
  issn = {0094-8276, 1944-8007},
  doi = {10.1002/2017GL072759},
  url = {https://onlinelibrary.wiley.com/doi/abs/10.1002/2017GL072759},
  urldate = {2020-10-24},
  langid = {english},
  file = {/home/sami/Zotero/storage/XRWVHTBL/Trancoso et al. - 2017 - CO 2 ‐vegetation feedbacks and other cl.pdf}
}

@article{ukkolaExploringStationarityAustralian2019c,
  title = {Exploring the Stationarity of {{Australian}} Temperature, Precipitation and Pan Evaporation Records over the Last Century},
  author = {Ukkola, Anna M. and Roderick, M L and Barker, A and Pitman, A J},
  date = {2019-12-06},
  journaltitle = {Environmental Research Letters},
  shortjournal = {Environ. Res. Lett.},
  volume = {14},
  number = {12},
  pages = {124035},
  issn = {1748-9326},
  doi = {10.1088/1748-9326/ab545c},
  url = {https://iopscience.iop.org/article/10.1088/1748-9326/ab545c},
  urldate = {2020-10-24},
  langid = {english},
  file = {/home/sami/Zotero/storage/TDF7WDFE/Ukkola et al. - 2019 - Exploring the stationarity of Australian temperatu.pdf}
}

@article{ukkolaReducedStreamflowWaterstressed2016b,
  title = {Reduced Streamflow in Water-Stressed Climates Consistent with {{CO2}} Effects on Vegetation},
  author = {Ukkola, Anna M. and Prentice, I. Colin and Keenan, Trevor F. and van Dijk, Albert I. J. M. and Viney, Neil R. and Myneni, Ranga B. and Bi, Jian},
  options = {useprefix=true},
  date = {2016-01},
  journaltitle = {Nature Climate Change},
  shortjournal = {Nature Clim Change},
  volume = {6},
  number = {1},
  pages = {75--78},
  issn = {1758-678X, 1758-6798},
  doi = {10.1038/nclimate2831},
  url = {http://www.nature.com/articles/nclimate2831},
  urldate = {2020-10-24},
  langid = {english},
  file = {/home/sami/Zotero/storage/MLU6YKJN/Ukkola et al. - 2016 - Reduced streamflow in water-stressed climates cons.pdf}
}

@article{vandijkMillenniumDroughtSoutheast2013d,
  title = {The {{Millennium Drought}} in Southeast {{Australia}} (2001-2009): {{Natural}} and Human Causes and Implications for Water Resources, Ecosystems, Economy, and Society: {{CAUSES AND IMPACTS OF AUSTRALIA}}'{{S RECORD DROUGHT}}},
  shorttitle = {The {{Millennium Drought}} in Southeast {{Australia}} (2001-2009)},
  author = {van Dijk, Albert I. J. M. and Beck, Hylke E. and Crosbie, Russell S. and de Jeu, Richard A. M. and Liu, Yi Y. and Podger, Geoff M. and Timbal, Bertrand and Viney, Neil R.},
  options = {useprefix=true},
  date = {2013-02},
  journaltitle = {Water Resources Research},
  shortjournal = {Water Resour. Res.},
  volume = {49},
  number = {2},
  pages = {1040--1057},
  issn = {00431397},
  doi = {10.1002/wrcr.20123},
  url = {http://doi.wiley.com/10.1002/wrcr.20123},
  urldate = {2020-10-24},
  langid = {english},
  file = {/home/sami/Zotero/storage/38GG532Y/van Dijk et al. - 2013 - The Millennium Drought in southeast Australia (200.pdf}
}

@book{venablesModernAppliedStatistics2002,
  title = {Modern {{Applied Statistics}} with {{S}}},
  author = {Venables, W. N. and Ripley, B. D.},
  date = {2002},
  edition = {Fourth},
  publisher = {{Springer}},
  location = {{New York}},
  url = {http://www.stats.ox.ac.uk/pub/MASS4}
}

@dataset{vermoteNOAAClimateData2018,
  title = {{{NOAA Climate Data Record}} ({{CDR}}) of {{AVHRR Surface Reflectance}}, {{Version}} 5},
  author = {Vermote, Eric and NOAA CDR Program},
  date = {2018},
  publisher = {{NOAA National Centers for Environmental Information}},
  doi = {10.7289/V53776Z4},
  url = {https://www.ncei.noaa.gov/metadata/geoportal/rest/metadata/item/gov.noaa.ncdc:C01557/html},
  urldate = {2020-10-24}
}

@online{waldanuTreeChange,
  title = {Tree {{Change}}},
  author = {WALD ANU},
  url = {http://www.wenfo.org/tree/},
  urldate = {2020-10-25},
  file = {/home/sami/Zotero/storage/Y6NTB3IE/tree.html}
}

@article{walkerIntegratingEvidenceTerrestrial2020b,
  title = {Integrating the Evidence for a Terrestrial Carbon Sink Caused by Increasing Atmospheric {{CO}} {\textsubscript{2}}},
  author = {Walker, Anthony P. and De Kauwe, Martin G. and Bastos, Ana and Belmecheri, Soumaya and Georgiou, Katerina and Keeling, Ralph F. and McMahon, Sean M. and Medlyn, Belinda E. and Moore, David J. P. and Norby, Richard J. and Zaehle, S\"onke and Anderson-Teixeira, Kristina J. and Battipaglia, Giovanna and Brienen, Roel J. W. and Cabugao, Kristine G. and Cailleret, Maxime and Campbell, Elliott and Canadell, Josep G. and Ciais, Philippe and Craig, Matthew E. and Ellsworth, David S. and Farquhar, Graham D. and Fatichi, Simone and Fisher, Joshua B. and Frank, David C. and Graven, Heather and Gu, Lianhong and Haverd, Vanessa and Heilman, Kelly and Heimann, Martin and Hungate, Bruce A. and Iversen, Colleen M. and Joos, Fortunat and Jiang, Mingkai and Keenan, Trevor F. and Knauer, J\"urgen and K\"orner, Christian and Leshyk, Victor O. and Leuzinger, Sebastian and Liu, Yao and MacBean, Natasha and Malhi, Yadvinder and McVicar, Tim R. and Penuelas, Josep and Pongratz, Julia and Powell, A. Shafer and Riutta, Terhi and Sabot, Manon E. B. and Schleucher, Juergen and Sitch, Stephen and Smith, William K. and Sulman, Benjamin and Taylor, Benton and Terrer, C\'esar and Torn, Margaret S. and Treseder, Kathleen K. and Trugman, Anna T. and Trumbore, Susan E. and Mantgem, Phillip J. and Voelker, Steve L. and Whelan, Mary E. and Zuidema, Pieter A.},
  date = {2020-10-21},
  journaltitle = {New Phytologist},
  shortjournal = {New Phytol},
  pages = {nph.16866},
  issn = {0028-646X, 1469-8137},
  doi = {10.1111/nph.16866},
  url = {https://onlinelibrary.wiley.com/doi/10.1111/nph.16866},
  urldate = {2020-10-24},
  langid = {english},
  file = {/home/sami/Zotero/storage/ZYGI9GB8/Walker et al. - 2020 - Integrating the evidence for a terrestrial carbon .pdf}
}

@article{wandResponsesWildC41999,
  title = {Responses of Wild {{C4}} and {{C3}} Grass ({{Poaceae}}) Species to Elevated Atmospheric {{CO}} {\textsubscript{2}} Concentration: A Meta-analytic Test of Current Theories and Perceptions},
  shorttitle = {Responses of Wild {{C4}} and {{C3}} Grass ({{Poaceae}}) Species to Elevated Atmospheric {{CO}} {\textsubscript{2}} Concentration},
  author = {Wand, Stephanie J. E. and Midgley, GuY. F. and Jones, Michael H. and Curtis, Peter S.},
  date = {1999-08},
  journaltitle = {Global Change Biology},
  shortjournal = {Global Change Biology},
  volume = {5},
  number = {6},
  pages = {723--741},
  issn = {1354-1013, 1365-2486},
  doi = {10.1046/j.1365-2486.1999.00265.x},
  url = {https://onlinelibrary.wiley.com/doi/abs/10.1046/j.1365-2486.1999.00265.x},
  urldate = {2020-10-24},
  langid = {english},
  file = {/home/sami/Zotero/storage/642X4XBI/Wand et al. - 1999 - Responses of wild C4 and C3 grass (Poaceae) specie.pdf}
}

@article{wangRecentGlobalDecline2020,
  title = {Recent Global Decline of {{CO2}} Fertilization Effects on Vegetation Photosynthesis},
  author = {Wang, Songhan and Zhang, Yongguang and Ju, Weimin and Chen, Jing M. and Ciais, Philippe and Cescatti, Alessandro and Sardans, Jordi and Janssens, Ivan A. and Wu, Mousong and Berry, Joseph A. and Campbell, Elliott and Fern\'andez-Mart\'inez, Marcos and Alkama, Ramdane and Sitch, Stephen and Friedlingstein, Pierre and Smith, William K. and Yuan, Wenping and He, Wei and Lombardozzi, Danica and Kautz, Markus and Zhu, Dan and Lienert, Sebastian and Kato, Etsushi and Poulter, Benjamin and Sanders, Tanja G. M. and Kr\"uger, Inken and Wang, Rong and Zeng, Ning and Tian, Hanqin and Vuichard, Nicolas and Jain, Atul K. and Wiltshire, Andy and Haverd, Vanessa and Goll, Daniel S. and Pe\~nuelas, Josep},
  date = {2020-12-11},
  journaltitle = {Science},
  volume = {370},
  number = {6522},
  eprint = {33303610},
  eprinttype = {pmid},
  pages = {1295--1300},
  publisher = {{American Association for the Advancement of Science}},
  issn = {0036-8075, 1095-9203},
  doi = {10.1126/science.abb7772},
  url = {https://science.sciencemag.org/content/370/6522/1295},
  urldate = {2021-03-02},
  langid = {english},
  file = {/home/sami/srifai@gmail.com/work/papers/Wang et al 2020 Science.pdf;/home/sami/Zotero/storage/CZ3J95ZR/1295.html}
}

@book{woodGeneralizedAdditiveModels2017b,
  title = {Generalized {{Additive Models}}: {{An Introduction}} with {{R}}},
  author = {Wood, S. N.},
  date = {2017},
  edition = {2},
  publisher = {{Chapman and Hall/CRC}}
}

@report{worldmeteorologicalorganizationWMOGuidelinesCalculation2017,
  title = {{{WMO}} Guidelines on the Calculation of Climate Normals},
  author = {World Meteorological Organization},
  date = {2017},
  number = {WMO-No. 1203},
  institution = {{World Meteorological Organization Geneva, Switzerland}},
  url = {https://library.wmo.int/doc_num.php?explnum_id=4166}
}

@article{yangApplyingConceptEcohydrological2018a,
  title = {Applying the {{Concept}} of {{Ecohydrological Equilibrium}} to {{Predict Steady State Leaf Area Index}}},
  author = {Yang, J. and Medlyn, B. E. and De Kauwe, M. G. and Duursma, R. A.},
  date = {2018-08},
  journaltitle = {Journal of Advances in Modeling Earth Systems},
  shortjournal = {J. Adv. Model. Earth Syst.},
  volume = {10},
  number = {8},
  pages = {1740--1758},
  issn = {19422466},
  doi = {10.1029/2017MS001169},
  url = {http://doi.wiley.com/10.1029/2017MS001169},
  urldate = {2020-10-24},
  langid = {english},
  file = {/home/sami/Zotero/storage/RWVIGKX5/Yang et al. - 2018 - Applying the Concept of Ecohydrological Equilibriu.pdf}
}

@article{yangHydrologicImplicationsVegetation2019,
  title = {Hydrologic Implications of Vegetation Response to Elevated {{CO2}} in Climate Projections},
  author = {Yang, Yuting and Roderick, Michael L. and Zhang, Shulei and McVicar, Tim R. and Donohue, Randall J.},
  date = {2019-01},
  journaltitle = {Nature Climate Change},
  shortjournal = {Nature Clim Change},
  volume = {9},
  number = {1},
  pages = {44--48},
  issn = {1758-678X, 1758-6798},
  doi = {10.1038/s41558-018-0361-0},
  url = {http://www.nature.com/articles/s41558-018-0361-0},
  urldate = {2020-11-27},
  langid = {english}
}

@article{yuanIncreasedAtmosphericVapor2019,
  title = {Increased Atmospheric Vapor Pressure Deficit Reduces Global Vegetation Growth},
  author = {Yuan, Wenping and Zheng, Yi and Piao, Shilong and Ciais, Philippe and Lombardozzi, Danica and Wang, Yingping and Ryu, Youngryel and Chen, Guixing and Dong, Wenjie and Hu, Zhongming and Jain, Atul K. and Jiang, Chongya and Kato, Etsushi and Li, Shihua and Lienert, Sebastian and Liu, Shuguang and Nabel, Julia E. M. S. and Qin, Zhangcai and Quine, Timothy and Sitch, Stephen and Smith, William K. and Wang, Fan and Wu, Chaoyang and Xiao, Zhiqiang and Yang, Song},
  date = {2019-08-01},
  journaltitle = {Science Advances},
  volume = {5},
  number = {8},
  pages = {eaax1396},
  publisher = {{American Association for the Advancement of Science}},
  issn = {2375-2548},
  doi = {10.1126/sciadv.aax1396},
  url = {https://advances.sciencemag.org/content/5/8/eaax1396},
  urldate = {2021-03-01},
  langid = {english},
  file = {/home/sami/Zotero/storage/WJZG3XGE/Yuan et al. - 2019 - Increased atmospheric vapor pressure deficit reduc.pdf;/home/sami/Zotero/storage/MGEPE696/eaax1396.html}
}

@article{zhouEffectVaporPressure2014,
  title = {The Effect of Vapor Pressure Deficit on Water Use Efficiency at the Subdaily Time Scale},
  author = {Zhou, Sha and Yu, Bofu and Huang, Yuefei and Wang, Guangqian},
  date = {2014},
  journaltitle = {Geophysical Research Letters},
  volume = {41},
  number = {14},
  pages = {5005--5013},
  issn = {1944-8007},
  doi = {10.1002/2014GL060741},
  url = {https://agupubs.onlinelibrary.wiley.com/doi/abs/10.1002/2014GL060741},
  urldate = {2020-11-26},
  langid = {english},
  annotation = {\_eprint: https://agupubs.onlinelibrary.wiley.com/doi/pdf/10.1002/2014GL060741},
  file = {/home/sami/Zotero/storage/VIN7RG44/Zhou et al. - 2014 - The effect of vapor pressure deficit on water use .pdf;/home/sami/Zotero/storage/7WNWAHHB/2014GL060741.html}
}

@article{zhuGreeningEarthIts2016a,
  title = {Greening of the {{Earth}} and Its Drivers},
  author = {Zhu, Zaichun and Piao, Shilong and Myneni, Ranga B. and Huang, Mengtian and Zeng, Zhenzhong and Canadell, Josep G. and Ciais, Philippe and Sitch, Stephen and Friedlingstein, Pierre and Arneth, Almut and Cao, Chunxiang and Cheng, Lei and Kato, Etsushi and Koven, Charles and Li, Yue and Lian, Xu and Liu, Yongwen and Liu, Ronggao and Mao, Jiafu and Pan, Yaozhong and Peng, Shushi and Pe\~nuelas, Josep and Poulter, Benjamin and Pugh, Thomas A. M. and Stocker, Benjamin D. and Viovy, Nicolas and Wang, Xuhui and Wang, Yingping and Xiao, Zhiqiang and Yang, Hui and Zaehle, S\"onke and Zeng, Ning},
  date = {2016-08},
  journaltitle = {Nature Climate Change},
  shortjournal = {Nature Clim Change},
  volume = {6},
  number = {8},
  pages = {791--795},
  issn = {1758-678X, 1758-6798},
  doi = {10.1038/nclimate3004},
  url = {http://www.nature.com/articles/nclimate3004},
  urldate = {2020-10-24},
  langid = {english},
  file = {/home/sami/Zotero/storage/K2RKJEZD/Zhu et al. - 2016 - Greening of the Earth and its drivers.pdf}
}


