@article{Dirac1953888,
  title   = "The lorentz transformation and absolute time",
  journal = "Physica",
  volume  = "19",
  number  = "1--12",
  pages   = "888--896",
  year    = "1953",
  doi     = "10.1016/S0031-8914(53)80099-6",
  author  = "P.A.M. Dirac"
}

@article{Feynman1963118,
  title   = "The theory of a general quantum system interacting with a linear dissipative system",
  journal = "Annals of Physics ",
  volume  = "24",
  pages   = "118--173",
  year    = "1963",
  doi     = "10.1016/0003-4916(63)90068-X",
  author  = "R.P Feynman and F.L {Vernon Jr.}"
}

@article{king_role_2020,
	title = {The role of climate variability in Australian drought},
	volume = {10},
	issn = {1758-678X, 1758-6798},
	url = {http://www.nature.com/articles/s41558-020-0718-z},
	doi = {10.1038/s41558-020-0718-z},
	pages = {177--179},
	number = {3},
	journaltitle = {Nature Climate Change},
	shortjournal = {Nat. Clim. Chang.},
	author = {King, Andrew D. and Pitman, Andy J. and Henley, Benjamin J. and Ukkola, Anna M. and Brown, Josephine R.},
	urldate = {2020-10-24},
	date = {2020-03},
	langid = {english},
	file = {King et al. - 2020 - The role of climate variability in Australian drou.pdf:/home/sami/Zotero/storage/4FNV44P9/King et al. - 2020 - The role of climate variability in Australian drou.pdf:application/pdf}
}

